<?xml version="1.0" encoding="UTF-8"?><record xmlns="http://www.loc.gov/MARC21/slim" xmlns:cinclude="http://apache.org/cocoon/include/1.0" xmlns:zs="http://www.loc.gov/zing/srw/">
  <leader>00395cz  a2200121n  4500</leader>
  <controlfield tag="001">n  88245230 </controlfield>
  <controlfield tag="003">DLC</controlfield>
  <controlfield tag="005">19890301061514.7</controlfield>
  <controlfield tag="008">890131n| acannaab|          |n aaa |||  </controlfield>
  <datafield tag="010" ind1=" " ind2=" ">
    <subfield code="a">n  88245230 </subfield>
  </datafield>
  <datafield tag="040" ind1=" " ind2=" ">
    <subfield code="a">DLC</subfield>
    <subfield code="c">DLC</subfield>
  </datafield>
  <datafield tag="100" ind1="1" ind2="0">
    <subfield code="a">Steele, W. Glenn</subfield>
  </datafield>
  <datafield tag="670" ind1=" " ind2=" ">
    <subfield code="a">Coleman, H.W. Experimentation and uncertainty analysis for engineers, c1989:</subfield>
    <subfield code="b">CIP t.p. (W. Glenn Steele, Jr.) pref. (signed at Miss. State U.)</subfield>
  </datafield>
</record>